<?xml version="1.0" encoding="UTF-8"?><collection xmlns="http://www.loc.gov/MARC21/slim"><record><leader>00549nam--2200181-i-4500</leader><controlfield tag="001">000039219</controlfield><controlfield tag="002">20161230</controlfield><controlfield tag="005">20161230201042</controlfield><controlfield tag="008">060222s1000------------r-----000-0-fre-d</controlfield><datafield ind1=" " ind2=" " tag="040"><subfield code="a">IFIN-HH</subfield></datafield><datafield ind1=" " ind2=" " tag="041"><subfield code="a">fre</subfield></datafield><datafield ind1=" " ind2=" " tag="080"><subfield code="a">537.222.22(043)</subfield></datafield><datafield ind1="1" ind2=" " tag="100"><subfield code="a">Robin-kandare, Sonja</subfield></datafield><datafield ind1="1" ind2="0" tag="245"><subfield code="a">Absorption et pouvoir reflecteur de quelques semiconductteurs dans l`ultraviolet moyen et l`ultraviolet a vide</subfield><subfield code="b">These</subfield><subfield code="c">Sonja robin-kandare</subfield></datafield><datafield ind1=" " ind2=" " tag="260"><subfield code="a">Paris</subfield><subfield code="b">Universite</subfield><subfield code="c">1959</subfield></datafield><datafield ind1=" " ind2=" " tag="300"><subfield code="a">51P</subfield></datafield><datafield ind1=" " ind2=" " tag="852"><subfield code="a">78223</subfield><subfield code="c">537.311.33</subfield></datafield><datafield ind1=" " ind2=" " tag="CAT"><subfield code="a">Sys</subfield><subfield code="c">20110802</subfield><subfield code="h">135118</subfield></datafield></record></collection>